@inproceedings{guyon97ascaling,
    author = {Isabelle Guyon},
    title = {A Scaling Law for the Validation-Set Training-Set Size Ratio},
    booktitle = {AT \& T Bell Laboratories},
    year = {1997}
}

@book{murphy12aprobabilistic,
    author = {Murphy, Kevin P.},
    title = {Machine Learning: A Probabilistic Perspective},
    year = {2012},
    publisher = {The MIT Press}
} 

@book{nocedal06numerical,
    edition = {2nd},
    author = {J. Nocedal and S. J. Wright},
    title = {Numerical Optimization},
    publisher = {Springer},
    year = {2006}
}

@online{ng15lecturenotes,
    author = {Andrew Ng},
    title = {CS229 Lecture Notes on regularization and model selection},
    urldate = {08-11-2015},
    url = {http://cs229.stanford.edu/notes/cs229-notes5.pdf}
}

@article{fawcett2006roc,
    author = {Fawcett, Tom},
    title = {An Introduction to ROC Analysis},
    journal = {Pattern Recogn. Lett.},
    issue_date = {June 2006},
    volume = {27},
    number = {8},
    month = jun,
    year = {2006},
    issn = {0167-8655},
    pages = {861--874},
    numpages = {14},
    publisher = {Elsevier Science Inc.},
    address = {New York, NY, USA}
} 

@misc{wiki15cholesky,
    title = {Stability of the Cholesky decomposition computation},
    url = {https://en.wikipedia.org/wiki/Cholesky_decomposition#Stability_of_the_computation},
    urldate = {2015-10-29}
}

@book{rasmussen05gps,
    author = {Rasmussen, Carl Edward and Williams, Christopher K. I.},
    title = {Gaussian Processes for Machine Learning},
    year = {2005},
    publisher = {The MIT Press}
} 

@book{patternson13computer,
    author = {Patterson, David A. and Hennessy, John L.},
    title = {Computer Organization and Design, Fifth Edition: The Hardware/Software Interface},
    year = {2013},
    edition = {5th},
    publisher = {Morgan Kaufmann Publishers Inc.}
} 

@book{proakis06dsp,
    author = {Proakis, John G. and Manolakis, Dimitris K.},
    title = {Digital Signal Processing (4th Edition)},
    year = {2006},
    publisher = {Prentice-Hall, Inc.}
} 

@book{bernd01signals,
    author = {Girod, Bernd and Rabenstein, Rudolf and Stenger, Alexander},
    title = {Signals and Systems},
    year = {2001},
    publisher = {John Wiley \& Sons}
}

@book{deng03speech,
    author = {Deng, Li and O'Shaughnessy, Douglas},
    title = {Speech Processing: A Dynamic and Optimization-Oriented Approach},
    year = {2003},
    publisher = {CRC Press}
}

@book{mackayinformation,
    title = {Information Theory, Inference and Learning Algorithms},
    author = {David J. MacKay},
    publisher = {Cambridge University Press},
    url = {http://www.inference.phy.cam.ac.uk/itila/book.html}
}

@book{jurafsky09speech,
    author = {Jurafsky, Daniel and Martin, James H.},
    title = {Speech and Language Processing},
    edition = {2nd},
    year = {2009},
    publisher = {Prentice-Hall, Inc.}
}

@article{ljolje94quasitriphone,
    author = {Ljolje, A.},
    title = {High accuracy phone recognition using context clustering and quasi-triphone models},
    journal = {Computer Speech \& Language},
    volume = {8},
    number = {2},
    year = {1994},
    pages = {129--151}
} 

@article{blei03lda,
    author = {Blei, David M. and Ng, Andrew Y. and Jordan, Michael I.},
    title = {Latent Dirichlet Allocation},
    journal = {J. Mach. Learn. Res.},
    issue_date = {3/1/2003},
    volume = {3},
    month = mar,
    year = {2003},
    issn = {1532-4435},
    pages = {993--1022}
}

@book{jaynes03logic,
   title = "Probability theory: the logic of science",
   editor = "Jaynes, Edwin Thompson and Bretthorst, G. Larry",
   publisher = "Cambridge University Press",
   address = "Cambridge, UK, New York",
   year = 2003
}

@misc{minka00bayesian,
    author = {Thomas P. Minka},
    title = {Bayesian Inference, Entropy, and the Multinomial Distribution},
    year = {2000}
}

@misc{wiki15dirichlet,
    title = {Dirichlet distribution},
    url = {https://en.wikipedia.org/wiki/Dirichlet_distribution},
    urldate = {2015-12-01}
}

@article{ming99bayesiantriphone,
    author = {Ming, Ji and O'Boyle, Peter and Owens, Marie and Smith, F. Jack},
    journal = {IEEE Transactions on Speech and Audio Processing},
    number = 6,
    pages = {678-684},
    title = {A Bayesian approach for building triphone models for continuous speech recognition.},
    volume = 7,
    year = 1999
}

@inproceedings{lingyun04beam,
    author = {X. Lingyun and D. Limin},
    title = {Efficient Viterbi beam search algorithm using dynamic pruning},
    booktitle = {Proc. Intl. Conf. Signal Process.},
    year = {2004},
    pages = {699--702},
    number = {1}
}

@inproceedings{odell94aone,
    author = {J. J. Odell and V. Valtchev and P. C. Woodland and S. J. Young},
    title = {A One Pass Decoder Design For Large Vocabulary Recognition},
    year = {1994},
    pages = {405--410}
}

@inproceedings{young94tree,
    author = {Young, S. J. and Odell, J. J. and Woodland, P. C.},
    title = {Tree-based State Tying for High Accuracy Acoustic Modelling},
    booktitle = {Proceedings of the Workshop on Human Language Technology},
    year = {1994},
    pages = {307--312},
    publisher = {Association for Computational Linguistics}
} 

@inproceedings{kaifulee89speakerindependent,
    author = {Kai-Fu Lee, Hsiao-Wuen Hon},
    number = 37,
    pages = {1641-1648},
    title = {Speaker-Independent Phone Recognition Using Hidden Markov Models},
    volume = {IEEE Transactions on Accoustics, Speech and Signal Processing},
    year = 1989
}

@book{back1996evolutionaryalgorithms,
    author = {B\"{a}ck, Thomas},
    title = {Evolutionary Algorithms in Theory and Practice: Evolution Strategies, Evolutionary Programming, Genetic Algorithms},
    year = {1996},
    publisher = {Oxford University Press},
    address = {Oxford, UK},
}

@misc{hansen16cma,
    title = {The CMA evolution strategy: a tutorial},
    url = {https://www.lri.fr/~hansen/cmatutorial.pdf},
    urldate = {2016-01-09},
    author = {Nikolaus Hansen},
}

@book{back13contemporary,
    author = {BÃ¤ck, Thomas and Foussette, Christophe and Krause, Peter},
    pages = {1-86},
    publisher = {Springer},
    series = {Natural Computing Series},
    title = {Contemporary Evolution Strategies},
    year = 2013
}

@article{hansen01completelyderandomized,
    author = {Hansen, Nikolaus and Ostermeier, Andreas},
    title = {Completely Derandomized Self-Adaptation in Evolution Strategies},
    journal = {Evol. Comput.},
    issue_date = {June 2001},
    volume = {9},
    number = {2},
    month = jun,
    year = {2001},
    pages = {159--195},
    publisher = {MIT Press}
} 

@book{press07numericalrecipes,
    author = {Press, William H. and Teukolsky, Saul A. and Vetterling, William T. and Flannery, Brian P.},
    title = {Numerical Recipes 3rd Edition: The Art of Scientific Computing},
    year = {2007},
    edition = {3},
    publisher = {Cambridge University Press},
    address = {New York, NY, USA}
} 

@book{brent73minimizationwithout,
    title = {Algorithms for minimization without derivatives},
    author = {Brent, Richard P.},
    series = {Prentice-Hall series in automatic computation},
    publisher = {Englewood Cliffs, N.J. Prentice-Hall},
    year = 1973
}

@inproceedings{bahl86mmiehmms,
    author = {Bahl, L. and Brown, P. and de Souza, P. and Mercer, R.},
    booktitle = {Acoustics, Speech, and Signal Processing, IEEE International Conference on ICASSP \&\#039;86.},
    institution = {IBM Thomas J. Watson Research Center, Yorktown Heights, NY},
    journal = {Acoustics, Speech, and Signal Processing, IEEE International Conference on ICASSP '86.},
    month = apr,
    pages = {49--52},
    publisher = {IEEE},
    title = {Maximum mutual information estimation of hidden Markov model parameters for speech recognition},
    volume = {11},
    year = {1986}
}

@inproceedings{valtchev97mmietraining,
    author = {V. Valtchev and J. J. Odell and P.C. Woodland and S.J. Young},
    title = {MMIE training of large vocabulary recognition systems},
    year = {1997}
}

@inproceedings{chow90mmienbest,
    author = {Chow, Yen-Lu},
    institution = {BBN Syst. \& Technol. Corp., Cambridge, MA, USA},
    journal = {Acoustics, Speech, and Signal Processing, 1990. ICASSP-90., 1990 International Conference on},
    month = apr,
    pages = {701--702},
    volume = 2,
    publisher = {IEEE},
    title = {Maximum mutual information estimation of HMM parameters for continuous speech recognition using the N-best algorithm},
    year = {1990}
}

@techreport{vertanen_overview,
    author = {Keith Vertanen},
    title = {An overview of discriminative training for speech recognition},
    url = {http://www.keithv.com/papers/Discriminative\_Training.pdf}
}

@inproceedings{matton05maximummutual,
    author = {Mike Matton and Mathias De Wachter and Dirk Van Compernolle and Ronald Cools},
    title = {Maximum mutual information training of distance measures for template based speech recognition},
    booktitle = {Int. Conf. on Speech and Computer},
    year = {2005},
    pages = {511--514}
}

@inproceedings{normandin95optimalsplitting,
    author = {Normandin, Yves},
    institution = {CRIM, McGill Univ., Montreal, Que., Canada},
    journal = {Acoustics, Speech, and Signal Processing, 1995. ICASSP-95., 1995 International Conference on},
    month = may,
    pages = {449--452},
    volume = 1,
    publisher = {IEEE},
    title = {Optimal splitting of HMM Gaussian mixture components with MMIE training},
    year = {1995}
}

@phdthesis{brown87theacousticmodelling,
    author = {Brown, Peter F.},
    title = {The Acoustic-modeling Problem in Automatic Speech Recognition},
    year = {1987},
    publisher = {Carnegie Mellon University},
    address = {Pittsburgh, PA, USA},
} 

@inproceedings{woodland00largescale,
    author = {P.C. Woodland and D. Povey},
    title = {Large Scale Discriminative Training For Speech Recognition},
    year = {2000}
}

@inproceedings{nadas83decisiontheoretic,
    author = {Nadas, Arthur},
    institution = {IBM T.J. Watson Research Center, Yorktown Heights, NY},
    journal = {Acoustics, Speech and Signal Processing, IEEE Transactions on},
    month = aug,
    pages = {814--817},
    volume = 31,
    issue = 4,
    publisher = {IEEE},
    title = {A decision theorectic formulation of a training problem in speech recognition and a comparison of training by unconditional versus conditional maximum likelihood},
    year = {1983}
}

@inproceedings{nadas88onamodelrobust,
    author = {Arthur Nadas and David Nahamoo and Michael and A. Picheny},
    title = {On a Model-Robust Training Method for Speech Recognition},
    journal = {IEEE Transactions on Acoustics, Speech and Signal Processing},
    year = {1988},
    pages = {1432--1436}
}

@inproceedings{hochberg91hmmnntraining,
    author = {Hochberg, M. M. and Niles, L. T. and Foote, J. T. and Silverman, H. F.},
    title = {Hidden Markov Model/Neural Network Training Techniques for Connected Alphadigit Speech Recognition},
    journal = {Proceedings of the Acoustics, Speech, and Signal Processing},
    series = {ICASSP '91},
    year = {1991},
    pages = {109--112},
    publisher = {IEEE},
    address = {Washington, DC, USA},
}


@inproceedings{valtchev96lattice,
    author = {Valtchev, V. and Odell, J. J. and Woodland, P. C. and Young, S. J.},
    title = {Lattice-based Discriminative Training for Large Vocabulary Speech Recognition},
    journal = {Proceedings of the Acoustics, Speech, and Signal Processing},
    volume = {2},
    series = {ICASSP '96},
    year = {1996},
    pages = {605--608},
    publisher = {IEEE Computer Society},
    address = {Washington, DC, USA}
} 

@inproceedings{normandin91animproved,
    author = {Normandin, Y.},
    title = {An improved MMIE training algorithm for speaker-independent, small vocabulary, continuous speech recognition},
    journal = {Acoustics, Speech, and Signal Processing, 1991. ICASSP-91., 1991 International Conference on},
    year = {1991},
    pages = {537--540},
    publisher = {IEEE},
    institution = {Centre de Recherche Inf. de Montreal, Que., Canada}
}

@inproceedings{kingsbury09latticebasednn,
    author = {Kingsbury, B.},
    title = {Lattice-based optimization of sequence classification criteria for neural-network acoustic modeling},
    journal = {Acoustics, Speech and Signal Processing, 2009. ICASSP 2009. IEEE International Conference on},
    year = {2009},
    pages = {3761--3764},
    publisher = {IEEE},
    institution = {IBM T. J. Watson Res. Center, Yorktown Heights, NY}
}

@inproceedings{povey99framediscrimination,
    author = {Povey, D. and Woodland, P.C.},
    title = {Frame discrimination training for HMMs for large vocabulary speech recognition},
    journal = {Acoustics, Speech, and Signal Processing, 1999. Proceedings., 1999 IEEE International Conference on  },
    year = {1999},
    pages = {333--336},
    volume = {1},
    publisher = {IEEE},
    institution = {Dept. of Eng., Cambridge Univ., UK}
}

@inproceedings{schluter99interdependenceof,
    author = {R. SchlÃ¼ter and B. MÃ¼ller and F. Wessel and H. Ney},
    title = {Interdependence of language models and discriminative training},
    booktitle = {IEEE ASRU Workshop},
    year = {1999},
    pages = {119--122}
}


@inproceedings{povey08boostedmmi,
    author = {Povey, Daniel and Kanevsky, Dimitri and Kingsbury, Brian and Ramabhadran, Bhuvana and Saon, George and Visweswariah, Karthik},
    booktitle = {ICASSP},
    pages = {4057-4060},
    publisher = {IEEE},
    title = {Boosted MMI for model and feature-space discriminative training},
    year = 2008
}

@inproceedings{ShaLargeMarginGMM2006,
    author = {Sha, Fei and Saul, Lawrence K.},
    booktitle = {Proc. ICASSP-2006},
    pages = {265--268},
    title = {Large Margin Gaussian Mixture Modeling for Phonetic Classification and Recognition}
}


@inproceedings{povey02mpe,
    author = {Povey, Daniel and Woodland, Philip C.},
    booktitle = {ICASSP},
    pages = {105-108},
    publisher = {IEEE},
    title = {Minimum Phone Error and I-smoothing for improved discriminative training},
    year = 2002
}

@inproceedings{yao12adaptationdnn,
    author       = {Kaisheng Yao and Dong Yu and Frank Seide and Hang Su and Li Deng and Yifan Gong},
    booktitle    = {SLT 2012},
    month        = {December},
    title        = {Adaptation Of Context-Dependent Deep Neural Networks For Automatic Speech
                    Recognition},
    year         = {2012}
}

@inproceedings{vesely13sequencediscriminative,
    author = {Karel Vesel{\'{y}} and Arnab Ghoshal and Luk{\'{a}}{\v{s}}
        Burget and Daniel Povey},
    title = {Sequence-discriminative Training of Deep Neural Networks},
    pages = {2345--2349},
    booktitle = {Proceedings of Interspeech 2013},
    journal = {Proceedings of the 14th Annual Conference of the
        International Speech Communication Association (Interspeech
        2013)},
    number = {8},
    year = {2013},
    location = {Lyon, FR},
    publisher = {International Speech Communication Association}
}

@inproceedings{maas14building,
    author    = {Andrew L. Maas and Peng Qi and Ziang Xie and Awni Y. Hannun and Christopher T. Lengerich and Daniel Jurafsky and Andrew Y. Ng},
    title     = {Building DNN Acoustic Models for Large Vocabulary Speech Recognition},
    year      = {2014}
}

@inproceedings{mohamed10investigation,
    author       = {Abdel-rahman Mohamed and Dong Yu and Li Deng},
    booktitle    = {Interspeech 2010},
    month        = {September},
    publisher    = {International Speech Communication Association},
    title        = {Investigation of Full-Sequence Training of Deep Belief Networks for Speech
                    Recognition},
    year         = {2010},
}

@inproceedings{mohamed09deepbelief,
    author = {Abdel{-}rahman Mohamed and George E. Dahl and Geoffrey 
    E. Hinton},
    title = {Deep Belief Networks for phone recognition},
    year = {2009},
    booktitle = {NIPS Workshop on Deep Learning for Speech Recognition and Related Applications},
}

@inproceedings{pan12investigation,
    author = {Pan, Jia and Liu, Cong and Wang, Zhiguo and Hu, Yu and 0001, Hui Jiang},
    booktitle = {ISCSLP},
    pages = {301-305},
    publisher = {IEEE},
    title = {Investigation of deep neural networks (DNN) for large vocabulary continuous speech recognition: Why DNN surpasses GMMS in acoustic modeling.},
    year = 2012
}

@inproceedings{dahl12contextdependent,
    author={Dahl, G.E. and Dong Yu and Li Deng and Acero, A.},
    journal={Audio, Speech, and Language Processing, IEEE Transactions on},
    title={Context-Dependent Pre-Trained Deep Neural Networks for Large-Vocabulary Speech Recognition},
    year={2012},
    month=jan,
    volume={20},
    number={1},
    pages={30--42}
}
@inproceedings{xue13restructuring,
    author       = {Jian Xue and Jinyu Li and Yifan Gong},
    booktitle    = {Interspeech},
    title        = {Restructuring of Deep Neural Network Acoustic Models with Singular Value
                    Decomposition},
    year         = {2013}
}

@inproceedings{hinton12dnnacousticmodeling,
    author       = {Geoffrey Hinton and Li Deng and Dong Yu and Abdel-rahman Mohamed and Navdeep
                    Jaitly and Andrew Senior and Vincent Vanhoucke and Patrick Nguyen and Tara
                    Sainath George Dahl and Brian Kingsbury},
    journal      = {IEEE Signal Processing Magazine},
    month        = {November},
    number       = {6},
    pages        = {82--97},
    title        = {Deep Neural Networks for Acoustic Modeling in Speech Recognition},
    volume       = {29},
    year         = {2012}
}

@inproceedings{bengio09learningdeep,
    author = {Bengio, Yoshua},
    title = {Learning Deep Architectures for AI},
    journal = {Found. Trends Mach. Learn.},
    issue_date = {January 2009},
    volume = {2},
    number = {1},
    month = jan,
    year = {2009},
    issn = {1935-8237},
    pages = {1--127}
} 

@book{moon05errorcorrecting,
    author = {Moon, Todd K.},
    title = {Error Correction Coding: Mathematical Methods and Algorithms},
    year = {2005},
    publisher = {Wiley-Interscience},
} 

@inproceedings{yekhanin11locallydecodable,
    title = {Locally decodable codes: a brief survey},
    author = {Sergey Yekhanin},
    year = {2011},
    booktitle = {International Workshop on Coding and Cryptography},
    volume = {3}
}

@inproceedings{bouyukliev01optimalbinary,
    title = {Optimal binary linear codes of dimension at most seven},
    booktitle = {Discrete Mathematics},
    volume = {226},
    number = {1â3},
    pages = {51-70},
    year = {2001},
    author = {Iliya Bouyukliev and David B. Jaffe}
}

@book{sutton98introductionreinforcement,
    author = {Sutton, Richard S. and Barto, Andrew G.},
    title = {Introduction to Reinforcement Learning},
    year = {1998},
    edition = {1st},
    publisher = {MIT Press},
    address = {Cambridge, MA, USA}
} 

@inproceedings{papineni02bleu,
    author = {Papineni, Kishore and Roukos, Salim and Ward, Todd and Zhu, Wei-Jing},
    title = {BLEU: A Method for Automatic Evaluation of Machine Translation},
    booktitle = {Proceedings of the 40th Annual Meeting on Association for Computational Linguistics},
    series = {ACL '02},
    year = {2002},
    location = {Philadelphia, Pennsylvania},
    pages = {311--318},
    publisher = {Association for Computational Linguistics},
    address = {Stroudsburg, PA, USA}
} 

@inproceedings{callison06reevaluatingbleu,
    author    = {Chris Callison-Burch and Miles Osborne and Philipp Koehn},
    title     = {Re-evaluating the Role of BLEU in Machine Translation Research},
    booktitle = {Proceedings of EACL},
    year      = {2006},
    pages     = {249--256}
}

@article{birch10metricsformt,
    author  = {Birch, Alexandra and Osborne, Miles and Blunsom, Phil},
    title   = {Metrics for MT evaluation: evaluating reordering},
    journal = "Machine Translation",
    year    = "2010",
    volume  = "24",
    number  = "1",
    pages   = "15--26",
}

